<record><leader>00000cas a22000007a 4500</leader><controlfield tag="001">11800766</controlfield><controlfield tag="008">850313d18641875pauwr ne      0    0eng d</controlfield><datafield ind1=" " ind2=" " tag="010"><subfield code="a">sn 85033283 </subfield></datafield><datafield ind1=" " ind2=" " tag="040"><subfield code="a">NPU</subfield><subfield code="b">eng</subfield><subfield code="c">NPU</subfield><subfield code="d">NPY</subfield><subfield code="d">DLC</subfield><subfield code="d">NPX</subfield><subfield code="d">NPH</subfield><subfield code="d">OCLCQ</subfield></datafield><datafield ind1=" " ind2=" " tag="042"><subfield code="a">msc</subfield></datafield><datafield ind1="0" ind2="0" tag="050"><subfield code="a">Newspaper 9450</subfield></datafield><datafield ind1="0" ind2=" " tag="130"><subfield code="a">Johnstown tribune (Johnstown, Pa. : 1864 : Weekly)</subfield></datafield><datafield ind1="1" ind2="4" tag="245"><subfield code="a">The Johnstown tribune.</subfield></datafield><datafield ind1=" " ind2=" " tag="260"><subfield code="a">Johnstown, Pa. :</subfield><subfield code="b">James M. Swank,</subfield><subfield code="c">-1875.</subfield></datafield><datafield ind1=" " ind2=" " tag="300"><subfield code="a">v. ;</subfield><subfield code="c">55-71 cm.</subfield></datafield><datafield ind1=" " ind2=" " tag="310"><subfield code="a">Weekly</subfield></datafield><datafield ind1="1" ind2=" " tag="362"><subfield code="a">Began with Oct. 14, 1864 issue.</subfield><subfield code="z">Cf. Storey, H.W. Hist. of Cambria Co., Pa.</subfield></datafield><datafield ind1="0" ind2=" " tag="362"><subfield code="a">-new ser., v. 11, no. 20 (Feb. 26, 1875).</subfield></datafield><datafield ind1=" " ind2=" " tag="500"><subfield code="a">"A political, literary, agricultural and news journal."</subfield></datafield><datafield ind1=" " ind2=" " tag="500"><subfield code="a">Publishers: James Moore Swank, 1864-1870: George Thompson Swank, 1870-&lt;1874&gt;.</subfield></datafield><datafield ind1=" " ind2=" " tag="500"><subfield code="a">Published instead of &lt;Friday&gt; issue of daily ed., Mar. 4, 1873-1875.</subfield></datafield><datafield ind1=" " ind2=" " tag="500"><subfield code="a">Editor: George Thompson Swank, Jan. 7, 1870-Feb. 26, 1875.</subfield></datafield><datafield ind1=" " ind2=" " tag="515"><subfield code="a">Issues for Mar. 4, 1873-Feb. 26, 1875 also continue numbering of daily ed.</subfield></datafield><datafield ind1=" " ind2=" " tag="588"><subfield code="a">Description based on: New ser., v. 1, no. 2 (Oct. 21, 1864).</subfield></datafield><datafield ind1=" " ind2=" " tag="752"><subfield code="a">United States</subfield><subfield code="b">Pennsylvania</subfield><subfield code="c">Cambria</subfield><subfield code="d">Johnstown.</subfield></datafield><datafield ind1="0" ind2=" " tag="775"><subfield code="t">Johnstown tribune (Johnstown, Pa. : 1873 : Daily)</subfield><subfield code="w">(DLC)sn 87079967</subfield></datafield><datafield ind1="0" ind2="0" tag="780"><subfield code="t">Cambria tribune (Johnstown, Pa.)</subfield><subfield code="w">(DLC)sn 85054864</subfield></datafield><datafield ind1="0" ind2="0" tag="785"><subfield code="t">Johnstown weekly tribune</subfield><subfield code="w">(DLC)sn 86053567</subfield></datafield></record>